@INPROCEEDINGS{shiqi2006,
  author={Shiqi Yu and Daoliang Tan and Tieniu Tan},
  booktitle={18th International Conference on Pattern Recognition (ICPR'06)}, 
  title={A Framework for Evaluating the Effect of View Angle, Clothing and Carrying Condition on Gait Recognition}, 
  year={2006},
  volume={4},
  number={},
  pages={441-444},
  keywords={Clothing;Pattern recognition;Spatial databases;Humans;Biometrics;Robustness;Footwear;Legged locomotion;Laboratories;Automation},
  doi={10.1109/ICPR.2006.67}}


@INPROCEEDINGS{kitchat2019,
  author={Kitchat, Kotcharat and Khamsemanan, Nirattaya and Nattee, Cholwich},
  booktitle={2019 IEEE International Conference on Cybernetics and Intelligent Systems (CIS) and IEEE Conference on Robotics, Automation and Mechatronics (RAM)}, 
  title={Gender classification from gait silhouette using observation angle-based GEIs}, 
  year={2019},
  volume={},
  number={},
  pages={485-490},
  keywords={Cameras;Legged locomotion;Feature extraction;Gait recognition;Convolutional neural networks;Image recognition;Surveillance;Gender classification;Gait;Gender recognition;GEI;CNN;freestyle walk},
  doi={10.1109/CIS-RAM47153.2019.9095797}}
